% Introduction
@misc{HEFCE_funding,
author = {HEFCE},
title = {Guide to Funding 2017-18},
year = {2017},
howpublished = {Available at \url{http://www.hefce.ac.uk/media/HEFCE,2014/Content/Pubs/2017/201704/HEFCE_Funding_Guide_2017-18_.pdf} (12/12/2017)}
} 

@misc{HEFCE_framework,
author = {Professor David Eastwood},
title = {Future framework for research assessment and funding},
year = {2007},
howpublished = {Available at \url{http://webarchive.nationalarchives.gov.uk/20100303171159/http://www.hefce.ac.uk/pubs/circlets/2007/cl06_07/} (12/12/2017)}
} 

@misc{REF2014,
author = {REF},
year = {2014},
title = {Research Excellence Framework},
howpublished = {Available at \url{http://www.ref.ac.uk/2014/} (12/12/2017)}
} 

@misc{EDA,
author = {{NIST SEMATECH}},
title = {What is EDA?},
year = {2013},
howpublished = {Available at \url{http://www.itl.nist.gov/div898/handbook/eda/section1/eda11.htm} (12/12/2017)}
} 

% Background

@misc{REF_subguidance,
author = {REF},
title = {Assessment framework and guidance on submissions},
year = {2011},
howpublished = {Available at \url{http://www.ref.ac.uk/2014/pubs/2011-02/} (12/12/2017)}
} 

@misc{REF_UOAs,
author = {REF},
title = {Units of Assessment},
year = {2014},
howpublished = {Available at \url{http://www.ref.ac.uk/2014/panels/unitsofassessment/} (12/12/2017)}
} 



% RAE
@misc{AustralianJournal,
	author = {{Australian Research Council}},
	title = {Journal list relating to the 2010 Excellence in Research for Australia round},
	year = {2014},
    howpublished = {Available at \url{https://www.righttoknow.org.au/request/journal_list_relating_to_the_201} (12/12/2017)}
}

@misc{HESA_REFdata,
	author = {{HESA}},
	title = {Contextual data for the Research Excellence Framework 2014},
	year = {2014},
    howpublished = {Available at \url{https://www.hesa.ac.uk/news/18-12-2014/research-excellence-framework-data} (12/12/2017)}
}

@misc{HESA_why,
	author = {{HESA}},
	title = {Why we do what we do},
    year = {2017},
    howpublished = {Available at \url{https://www.hesa.ac.uk/about/why-we-do-what-we-do} (12/12/2017)}
}

@misc{SCimago_rank,
	author = {{Scimago Journal and Country Rank}},
	title = {About Us},
    year = {2017},
    howpublished = {Available at \url{http://www.scimagojr.com/aboutus.php} (12/12/2017)}
}

@article{Chowdhury2015,
author = {{Chowdhury et al.}},
title = {Novel Methods for Assessing Urban Air Quality: Combined Air and Noise Pollution Approach},
journal = {Journal of Atmospheric Pollution},
volume = {3},
year = {2015},
number = {1},
pages = {1--8},
doi={10.12691/jap-3-1-1},
publisher={Science and Education Publishing}
}

@misc{Pearsonr,
	author = {{The Scipy community}},
	title = {Statistical functions (scipy.stats)},
    year = {2014},
    howpublished = {Available at \url{https://docs.scipy.org/doc/scipy-0.14.0/reference/generated/scipy.stats.pearsonr.html} (12/12/2017)}
}



% Lit review

@misc{AD_citation,
	author = {Alan Dix},
	title = {REF2014 Citation Analysis},
    year = {2015},
    howpublished = {Available at \url{http://alandix.com/ref2014/} (12/12/2017)}
}

@misc{REF_citationdata,
	author = {{REF}},
	title = {Citation data},
    year = {2014},
    howpublished = {Available at \url{http://www.ref.ac.uk/2014/about/guidance/citationdata/} (12/12/2017)}
}

@misc{UOA11_analysis,
	author = {Morris Sloman},
	title = {Computer Science and Informatics REF Analysis},
    year = {2014},
    howpublished = {Available at \url{http://alandix.com/docs/ref2014/SP11-REF-analysis.pdf} (12/12/2017)}
}

@misc{MSloman,
	author = {{Imperial College London}},
	title = {Professor Morris Sloman},
    year = {2017},
    howpublished = {Available at \url{http://www.imperial.ac.uk/people/m.sloman} (12/12/2017)}
}

@misc{AD_redux3,
	author = {Alan Dix},
	title = {REF Redux 3 â€“ plain citations},
    year = {2015},
    howpublished = {Available at \url{http://alandix.com/blog/2015/08/20/ref-redux-3-plain-citations/} (12/12/2017)}
}

@misc{REF_panelcri,
	author = {{REF}},
	title = {Panel criteria and working methods},
    year = {2012},
    howpublished = {Available at \url{http://www.ref.ac.uk/2014/pubs/2012-01/} (12/12/2017)}
}

@misc{PB_criteria,
	author = {{REF}},
	title = {Main Panel B criteria},
    year = {2012},
    howpublished = {Available at \url{http://www.ref.ac.uk/2014/media/ref/content/pub/panelcriteriaandworkingmethods/01_12_2B.pdf} (12/12/2017)}
}

@misc{HEFCE_impact,
	author = {{HEFCE}},
	title = {The nature, scale and beneficiaries of research impact: An initial analysis of Research Excellence Framework (REF) 2014 impact case studies},
    year = {2015},
    howpublished = {Available at \url{http://www.hefce.ac.uk/pubs/rereports/Year/2015/analysisREFimpact/} (12/12/2017)}
}


% Methodology

@misc{REF_paneloverview,
	author = {{REF}},
	title = {REF 2014 Panel overview reports},
    year = {2015},
    howpublished = {Available at \url{http://www.ref.ac.uk/2014/panels/paneloverviewreports/} (12/12/2017)}
}

@misc{REF_addinforsummary,
	author = {{REF}},
	title = {Summary of additional information about outputs},
    year = {2012},
    howpublished = {Available at \url{http://www.ref.ac.uk/2014/media/ref/content/pub/panelcriteriaandworkingmethods/01_12a.pdf} (12/12/2017)}
}

@misc{Lev,
	author = {Michael Gilleland},
	title = {Levenshtein Distance, in Three Flavors},
    year = {2006},
    howpublished = {Available at \url{http://people.cs.pitt.edu/~kirk/cs1501/Pruhs/Spring2006/assignments/editdistance/Levenshtein%20Distance.htm} (12/12/2017)}
}

@incollection{DataMining,
author = {{Lekovec et al.}},
title = {Data Mining},
booktitle = {Mining of Massive Datasets},
publisher = {Cambridge University Press},
year = {2014},
pages = {7--9}
}

@misc{REF_downloaddata,
	author = {{REF}},
	title = {Download submission data},
    year = {2014},
    howpublished = {Available at \url{http://results.ref.ac.uk/DownloadSubmissions/SelectUoa} (12/12/2017)}
}

@misc{SpearmanCorrelation,
	author = {{Lund Research Ltd}},
	title = {Spearman's Rank-Order Correlation},
    year = {2013},
    howpublished = {Available at \url{https://statistics.laerd.com/statistical-guides/spearmans-rank-order-correlation-statistical-guide.php} (12/12/2017)}
}

@misc{LondonDistance,
	author = {{Daft Logic}},
	title = {Advanced Google Maps Distance Calculator},
    year = {2017},
    howpublished = {Available at \url{https://www.daftlogic.com/projects-advanced-google-maps-distance-calculator.htm)}
}