
@misc{CitationsREF,
  	author = {REF 2014},
  	title = {{REF 2014}},
  	howpublished = "\url{http://www.ref.ac.uk/2014/about/guidance/citationdata/}",
  	year = {2014}, 
  	note = "[Online; accessed 01/12/2017]"
}
       
@misc{ Nobody06,
       author = "Nobody Jr",
       title = "My Article",
       year = "2006" }